@ARTICLE{Pettebone:Yosemite,
	title={Estimating visitor use at attraction sites and trailheads in Yosemite National Park using automated visitor counters},
	author={Pettebone, David and Newman, Peter and Lawson, Steven R},
	journal={Landscape and Urban Planning},
	volume={97},
	number={4},
	pages={229--238},
	year={2010},
	publisher={Elsevier}
}

@inproceedings{LORAWAN-optimal,
  title={On the coverage of LPWANs: range evaluation and channel attenuation model for LoRa technology},
  author={Petajajarvi, Juha and Mikhaylov, Konstantin and Roivainen, Antti and Hanninen, Tuomo and Pettissalo, Marko},
  booktitle={2015 14th International Conference on ITS Telecommunications (ITST)},
  pages={55--59},
  year={2015},
  organization={IEEE}
}

@article{LPWAN-compare,
  title={A comparative study of LPWAN technologies for large-scale IoT deployment},
  author={Mekki, Kais and Bajic, Eddy and Chaxel, Frederic and Meyer, Fernand},
  journal={ICT express},
  volume={5},
  number={1},
  pages={1--7},
  year={2019},
  publisher={Elsevier}
}

@article{LORAWAN-hills,
  title={Performance Evaluation of LoRa 920 MHz Frequency Band in a Hilly Forested Area},
  author={Myagmardulam, Bilguunmaa and Miura, Ryu and Ono, Fumie and Kagawa, Toshinori and Shan, Lin and Nakayama, Tadachika and Kojima, Fumihide and Choijil, Baasandash},
  journal={Electronics},
  volume={10},
  number={4},
  pages={502},
  year={2021},
  publisher={Multidisciplinary Digital Publishing Institute}
}


@techreport{NATOfootsteps,
  title={Ultrasonic methods for human motion detection},
  author={Sabatier, James M and Ekimov, Alexander E},
  year={2006},
  institution={MISSISSIPPI UNIV UNIVERSITY NATIONAL CENTER FOR PHYSICAL ACOUSTICS}
}


@book{Kajala:Baltic,
	title={Visitor monitoring in nature areas: A manual based on experiences from the Nordic and Baltic countries},
	author={Kajala, Liisa},
	year={2007},
	publisher={Nordic Council of Ministers}
}

@manual{TI:PIR,
	organization = "Texas Instruments",
	title = "Design of Ultra-Low Power Discrete Signal Conditioning Circuit for Battery-Powered Wireless PIR MotionDetectors",
	year={2017},
	month={1},
	number="SNAA301A"
}


@manual{Slitere,
	organization = {Latvian Country Tourism Association},
	title = {Visitor Monitoring Guidelines in Protected Nature Areas},
	year = {2012}
}

@manual{TI:APP,
	organization = "Texas Instruments",
	title = "Ultra-Low-Power Wireless PIR Motion Detector for Cost-Optimized Systems Reference Design",
	year={2017},
	month={1},
	number="SNAA301A"
}

@manual{hm2007,
	organization = "HMC",
	title = "HM2007 Speech Recognition",
}

@ARTICLE{bowman:reasoning,
	AUTHOR = "Mic Bowman and Saumya K. Debray and Larry L. Peterson",
	TITLE = "Reasoning About Naming Systems",
	JOURNAL = "ACM Trans. Program. Lang. Syst.",
	VOLUME = {15},
	NUMBER = {5},
	PAGES = {795-825},
	MONTH = "November",
	YEAR = {1993}	}

@ARTICLE{braams:babel,
	AUTHOR = "Johannes Braams",
	TITLE = "Babel, a Multilingual Style-Option System for Use with LaTeX's Standard Document Styles",
	JOURNAL = {TUGboat},
	VOLUME = {12},
	NUMBER = {2},
	PAGES = {291-301},
	MONTH = "June",
	YEAR = {1991}	}

@INPROCEEDINGS{clark:pct,
	AUTHOR = "Malcolm Clark",
	TITLE = "Post Congress Tristesse",
	BOOKTITLE = "TeX90 Conference Proceedings",
	PAGES = "84-89",
	ORGANIZATION = "TeX Users Group",
	MONTH = "March", 
	YEAR = {1991}	}

@ARTICLE{herlihy:methodology,
	AUTHOR = "Maurice Herlihy",
	TITLE = "A Methodology for Implementing Highly Concurrent
	Data Objects",
	JOURNAL = {ACM Trans. Program. Lang. Syst.},
	VOLUME = {15},
	NUMBER = {5},
	PAGES = {745-770},
	MONTH = "November",
	YEAR = {1993}	}

@BOOK{Lamport:LaTeX,
	AUTHOR = "Leslie Lamport",
	TITLE = "LaTeX User's Guide and Document Reference Manual",
	PUBLISHER = "Addison-Wesley Publishing Company",
	ADDRESS = "Reading, Massachusetts",
	YEAR = "1986"	}

@BOOK{salas:calculus,
	AUTHOR = "S.L. Salas and Einar Hille",
	TITLE = "Calculus: One and Several Variable",
	PUBLISHER = "John Wiley and Sons",
	ADDRESS = "New York",
	YEAR = "1978"	}






