@online{proj_book_intro,
  author={Michael Harding Roberts},
  title = {Chapter 1 - Introduction and Principles},
  year = 2012,
  url = {https://www.hraconsulting-ltd.co.uk/project-management-book-0101.htm},
  urldate = {2022-01-22}
}

@online{Taiwan_wave_1,
  author={Beth Duff-Brown},
  title = {How Taiwan Used Big Data, Transparency and a Central Command to Protect Its People from Coronavirus},
  year = 2020,
  url = {https://healthpolicy.fsi.stanford.edu/news/how-taiwan-used-big-data-transparency-central-command-protect-its-people-coronavirus},
  urldate = {2022-01-23}
}

@article{wang2020response,
  title={Response to COVID-19 in Taiwan: big data analytics, new technology, and proactive testing},
  author={Wang, C Jason and Ng, Chun Y and Brook, Robert H},
  journal={Jama},
  volume={323},
  number={14},
  pages={1341--1342},
  year={2020},
  publisher={American Medical Association}
}

@online{human_human,
  author={Lily Kuo},
  title = {China confirms human-to-human transmission of coronavirus},
  year = 2020,
  url = {https://www.theguardian.com/world/2020/jan/20/coronavirus-spreads-to-beijing-as-china-confirms-new-cases},
  urldate = {2022-01-23}
}

@online{export_ban,
  author={Sophia Yang},
  title = {Taiwan bans export of surgical, N95 masks amid China coronavirus outbreak},
  year = 2020,
  url = {https://www.taiwannews.com.tw/en/news/3863692},
  urldate = {2022-01-23}
}

@online{backfired,
  author={Zeynep Tufekci},
  title = {Why Telling People They Don’t Need Masks Backfired},
  year = 2020,
  url = {https://www.nytimes.com/2020/03/17/opinion/coronavirus-face-masks.html},
  urldate = {2022-01-23}
}

@online{taiwan_stats,
  author={Worldometer},
  title = {Taiwan --- coronavirus},
  year = 2022,
  url = {https://www.worldometers.info/coronavirus/country/taiwan/},
  urldate = {2022-01-23}
}

@online{taiwan_pop,
  author={Worldometer},
  title = {Taiwan --- population},
  year = 2022,
  url = {https://www.worldometers.info/world-population/taiwan-population/},
  urldate = {2022-01-23}
}

@online{taiwan_mask,
  author={Kelvin Chen},
  title = {Taiwan residents face heavy fines for going maskless},
  year = 2020,
  url = {https://www.taiwannews.com.tw/en/news/4203995},
  urldate = {2022-01-23}
}

@online{taiwan_zero,
  author={Focus Taiwan},
  title = {Taiwan eases COVID-19 rules as domestic transmissions stay at zero},
  year = 2020,
  url = {https://focustaiwan.tw/society/202006070013},
  urldate = {2022-01-23}
}

@online{us_stats,
  author={Worldometer},
  title = {USA --- coronavirus},
  year = 2022,
  url = {https://www.worldometers.info/coronavirus/country/us/},
  urldate = {2022-01-23}
}

@online{us_movement,
  author={Meryl Chertoff},
  title = {The Right to Travel and National Quarantines: Coronavirus Tests the Limits},
  url = {https://www.law.georgetown.edu/salpal/the-right-to-travel-and-national-quarantines-coronavirus-tests-the-limits/},
  urldate = {2022-01-23}
}

@online{taiwan_vp,
  author={Genomics Research Center},
  title = {Chen, Chien-Jen},
  year = 2020,
  url = {https://www.genomics.sinica.edu.tw/index.php/en/chen-chien-jen},
  urldate = {2022-01-23}
}

@online{congress_2020,
  author={Ballotpedia},
  title = {116th congress},
  url = {https://ballotpedia.org/116th_United_States_Congress},
  urldate = {2022-01-23}
}

@article{parascandola1996mcwa,
  title={From MCWA to CDC--origins of the Centers for Disease Control and Prevention.},
  author={Parascandola, John},
  journal={Public Health Reports},
  volume={111},
  number={6},
  pages={549},
  year={1996},
  publisher={SAGE Publications}
}

@online{spkc_lv,
  author={LSM},
  title = {Category --- SPKC},
  url = {https://eng.lsm.lv/topic/center-for-disease-control-and-prevention/},
  urldate = {2022-01-23}
}

@online{florida_cancel,
  author={Amanda Macias},
  title = {Florida Gov. DeSantis suspends all remaining Covid restrictions: ‘We are no longer in a state of emergency’ },
  year = 2020,
  url = {https://www.cnbc.com/2021/05/03/florida-governor-desantis-suspends-all-remaining-covid-restrictions.html},
  urldate = {2022-01-23}
}

@online{lv_stats,
  author={Worldometer},
  title = {Latvia --- coronavirus},
  year = 2022,
  url = {https://www.worldometers.info/coronavirus/country/latvia/},
  urldate = {2022-01-23}
}

@online{lv_first_case,
  author={LSM},
  title = {Latvia's Health Ministry and Center for Disease Prevention and Control (SPKC) announced March 2 that a first positive test for the COVID-19 coronavirus has been confirmed, reported LSM's Latvian language service. },
  year = 2020,
  url = {https://eng.lsm.lv/article/society/health/first-case-of-covid-19-coronavirus-confirmed-in-latvia.a350338/},
  urldate = {2022-01-23}
}

@online{lv_measures,
  author={LSM},
  title = {Latvian government announces widespread measures to contain coronavirus},
  year = 2020,
  url = {https://eng.lsm.lv/article/society/health/latvian-government-announces-widespread-measures-to-contain-coronavirus.a351529/},
  urldate = {2022-01-23}
}

@article{walsh2021school,
  title={Do school closures and school reopenings affect community transmission of COVID-19},
  author={Walsh, S and Chowdhury, A and Braithwaite, V and Russell, S and Birch, J and Ward, J and Waddington, C and Brayne, C and Bonell, C and Viner, RM and others},
  journal={A systematic review of observational studies. BMJ Open},
  volume={11},
  pages={e053371},
  year={2021}
}

@online{lv_reopen,
  author={LSM},
  title = {Latvia's state of emergency comes to an end on June 10},
  year = 2020,
  url = {https://eng.lsm.lv/article/society/health/latvias-state-of-emergency-comes-to-an-end-on-june-10.a363138/},
  urldate = {2022-01-23}
}


@online{lv_mk_control,
  author={Valsts Kontrole},
  title = {COVID-19 izraisītie ārkārtas apstākļi un kompetento institūciju paziņojumi attiecībā uz COVID-19 uzliesmojuma ierobežošanai nepieciešamajiem iepirkumiem un atkāpēm preču atbilstības novērtēšanā},
  year = 2020,
  url = {https://eng.lsm.lv/article/society/health/latvias-state-of-emergency-comes-to-an-end-on-june-10.a363138/},
  urldate = {2022-01-23}
}


https://www.lrvk.gov.lv/lv/getrevisionfile/29519-zAXfCt4kmYioA3studCPbLHdRiIVkbC6.pdf